%% BibTeX Entries
@inproceedings{bias,
  author    = "Benjamin Marlin and Richard S. Zemel and Sam Roweis and Malcolm Slaney",
  title     = "Collaborative Filtering and the Missing at Random Assumption",
  booktitle = " Proceedings of the Twenty-Third Conference on Uncertainty in Artificial Intelligence",
  year      = 2007,
  pages     = "267--275",
}

@article{IPS,
  author   = "Tobias Schnabel and Adith Swaminathan and Ashudeep Singh and Navin Chandak and Thorsten Joachims",
  title    = "Recommendations as Treatments: Debiasing Learning and Evaluation",
  journal  = "ICML",
  year     = 2016,
  volume   = "48",
  pages    = "1670â€“-1679",
}

@inproceedings{SNIPS,
 author = {Swaminathan and Adith and Joachims and Thorsten},
 booktitle = {Advances in Neural Information Processing Systems},
 editor = {C. Cortes and N. Lawrence and D. Lee and M. Sugiyama and R. Garnett},
 pages = {},
 publisher = {Curran Associates, Inc.},
 title = {The Self-Normalized Estimator for Counterfactual Learning},
 url = {https://proceedings.neurips.cc/paper/2015/file/39027dfad5138c9ca0c474d71db915c3-Paper.pdf},
 volume = {28},
 year = {2015},
}














