@article {rubin,
    author =       "Donald B Rubin",
    title =        "Estimating causal effects of treatments in randomized and nonrandomized studies",
    journal =      "Journal  of  Educational  Psychology",
    volume =       "66",
    number =       "5",
    pages =        "688--701",
    year =         "1974",
    DOI =          "https://doi.org/10.1037/h0037350"
}


@article{mar,
    author    = "Daniel F. Heitjan and Srabashi Basu",
   title =        "Distinguishing “Missing at Random” and “Missing Completely at Random”",
    journal =      "The American Statistician",
    volume =       "50",
    number =       "3",
    pages =        "207-213",
    year =         "1996",
    DOI =          "https://doi.org/10.1080/00031305.1996.10474381"
}
 
@article{bias,
    author   = "Hu Nan, Paul A. Pavlou, and Jie Jennifer Zhang",
    title =        "On self-selection biases in online product reviews",
    journal =      "MIS Q.",
    volume =       "40",
    number =       "2",
    pages =        "449-471",
    year =         "2017",
    DOI =          "https://doi.org/10.25300/MISQ/2017/41.2.06"
}
 
 
@article{pmlr,
    author   = "Tobias Schnabel, Adith Swaminathan, Ashudeep Singh, Navin Chandak, Thorsten Joachims",
    title =        "Recommendations as Treatments: Debiasing Learning and Evaluation",
    journal =      "Proceedings of Machine Learning Research",
    volume =       "48",
    pages =        "1670-1679",
    year =         "2016",
    DOI =          "https://doi.org/10.48550/arXiv.1602.05352"
}
 
 @article{cause,
  author =       "Bonner, Stephen, and Flavian Vasile",
  title =        "Causal Embeddings for Recommendation",
  journal =      "Proceedings of the 12th ACM conference on recommender systems",
  pages =        "104-112",
  year =         "2018",
  DOI =          "https://doi.org/10.1145/3240323.3240360"
}
